
@article{Ichimura93,
	Author = {Hidehiko Ichimura},
	Journal = {Journal of Econometrics},
	Number = {1},
	Pages = {71-120},
	Title = {Semiparametric least squares (SLS) and weighted SLS estimation of single-index models},
	Volume = {58},
	Year = {1993}}
	

@article{KleinSpady93,
	Author = {Roger W. Klein, Richard H. Spady},
	Journal = {Econometrica},
	Number = {2},
	Pages = {287-421},
	Title = {An Efficient Semiparameteric Estimator For Binary Response Models},
	Volume = {61},
	Year = {1993}}

@article{Haerdle93,
	Author = {Wolfgang Härdle, Peter Hall and Hidehiko Ichimura},
	Journal = {The Annals of Statistics},
	Number = {1},
	Pages = {157-178},
	Title = {OPTIMAL SMOOTHING IN SINGLE-INDEX MODELS},
	Volume = {21},
	Year = {1993}}

@misc{Soederbom09,
	Author = {Mâns Söderbom},
	Title = {Applied Econometrics Lecture 10: Binary Choice Models},
	Month = {September},
	Year = {2009}}
 
@book{Haerdle90,
	Author = {Wolfgang Härdle},
	Publisher = {Cambridge University Press},
	Title = {Applied Nonparametric Regression},
	Year = {1990}}

@book{LiRacine07,
	Author = {Qi Li and Jeffrey Scott Racine},
	Publisher = {Princeton University Press},
	Title = {Nonparametric Econometrics: Theory and Practice},
	Year = {2007}}

@book{Horowitz09,
	Author = {Joel L. Horowitz},
	Publisher = {Springer Science+Business Media},
	Title = {Semiparametric and Nonparametric Methods in Econometrics},
	Year = {2009}}
