@book{[1],
	Author = {Li, Q. and Racine, J.S},
	Publisher = {Princeton University Press},
	Title = {Nonparametric Econometrics},
	Year = {2007}}

@book{[2],
		Author = {Maddala, G. S.},
		Publisher = {Cambridge university press},
		Title = {Limited-dependent and qualitative variables in econometrics},
		Year = {1986}}

@book{[3],
			Author = {Bellman, R. E.},
			Publisher = {Princeton University Press},
			Title = {Adaptive Control Processes: A Guided Tour},
			Year = {1961}}

@book{[4],
						Author = {Geenens, G.},
						Publisher = {Springer},
						Title = {Recent Advances in Functional Data Analysis and Related Topics: A Nonparametric Functional Method for Signature Recognition},
						Year = {2011}}
@book{[5],
					Author = {Cameron, A. C. and Trivedi, P. K.},
					Publisher = {Cambridge university press},
					Title = {Microeconometrics : Methods and Applications},
					Year = {2005}}

@article{[6],
						Author = {Ichimura, H.},
						Journal = {Journal of Econometrics},
						Pages = {71-120},
						Title = {Semiparametric least squares (SLS) and weighted SLS estimation of single-index models},
						Volume = {102},
						Year = {1993}}

@article{[7],
						Author = {Manski, C. F.},
						Journal = {Journal of Econometrics},
						Pages = {205-228},
						Title = {Maximum Likelihood Score Estimation of the Stochastic Utility Model of choice},
						Volume = {3},
						Year = {1975}}


@article{[8],
							Author = {Manski, C. F.},
							Journal = {Journal of Econometrics},
							Pages = {313-333},
							Title = {Semiparametric Analysis of Discrete Response: Asymptotic properties of the maximum likelihood score},
							Volume = {27},
							Year = {1985}}



@article{[9],
							Author = {Manski, C.F. and Thompson, S.T.},
							Journal = {Journal of Econometrics},
							Number = {1},
							Pages = {97-123},
							Title = {Estimation of best predictors of binary response},
							Volume = {27},
							Year = {1989}}


@article{[10],
							Author = {Cosslett, S. R.},
							Journal = {Econometrica},
							Number = {3},
							Pages = {765-782},
							Title = {Distribution-Free Maximum Likelihood Estimator of the Binary Choice Model},
							Volume = {51},
							Year = {1983}}


@article{[11],
							Author = {Horowitz, J.L.},
							Journal = {Tilburg - Center for Economic Research},
							Title = {Testing a Parametric Model Against a Semiparametric Alternative},
							Year = {1992}}


@article{[12],
							Author = {Klein, R. W. and Spady, R. H.},
							Journal = {Econometrica},
							Number = {2},
							Pages = {387-421},
							Title = {An Efficient Semiparametric Estimator for Binary Response Models},
							Volume = {61},
							Year = {1993}}


@book{[13],
							Author = {Horowitz, J.L.},
							Publisher = {Springer},
							Title = {Semiparametric Methods in Econometrics},
							Year = {1998}}


@article{[14],
							Author = {Lin, W. and Kulasekera,  K. B.},
							Journal = {Biometrika},
							Number = {2},
							Pages = {496-501},
							Title = {An Efficient Semiparametric Estimator for Binary Response Models},
							Volume = {94},
							Year = {2007}}


@article{[15],
							Author = {Stone, C. J.},
							Journal = {Annals of Statistics},
							Number = {6},
							Pages = {1348-1360},
							Title = {Optimal Rates of Convergence for Nonparametric Estimators},
							Volume = {8},
							Year = {1980}}


@article{[16],
							Author = {Goldstein, L. and Messer, K.},
							Journal = {Annals of Statistics},
							Number = {3},
							Pages = {1306-1328},
							Title = {Optimal Plug-in Estimators for Nonparametric Functional Estimation},
							Volume = {20},
							Year = {1992}}


@article{[17],
							Author = {Hall, P.},
							Journal = {Annals of Statistics},
							Pages = {573-588},
							Title = {On Project Pursuit Regression},
							Volume = {17},
							Year = {1989}}

@article{[18],
							Author = {Haerdle, W. and Hall, P. and Ichimura, H. },
							Journal = {Annals of Statistics},
							Number = {1},
							Pages = {157-178},
							Title = {Optimal Smoothing in Single Index Models},
							Volume = {21},
							Year = {1993}}


@article{[19],
							Author = {Newey, W. K. and Stoker, T. M.},
							Journal = {Econometrica},
							Number = {5},
							Pages = {1199-1223},
							Title = {Efficiency of Weighted Average Derivative Estimators and Index Models},
							Volume = {61},
							Year = {1993}}


@article{[20],
							Author = {Robinson, P.},
							Journal = {Econometrica},
							Pages = {1199-1223},
							Title = {Asymptotically efficient estimation in the presence of heteroskedasticity of unknown form},
							Volume = {55},
							Year = {1987}}


@article{[21],
							Author = {Stoker, T. M.},
							Journal = {Econometrica},
							Number = {6},
							Pages = {1461-1481},
							Title = {Consistent Estimation of Scaled Coefficients},
							Volume = {54},
							Year = {1986}}


@article{[22],
							Author = {Haerdle, W. and Stoker, T. M.},
							Journal = {Journal of the American Statistical Association},
							Pages = {986-995},
							Title = {Investigating Smooth Multiple Regression by the Method of Average Derivatives},
							Volume = {84},
							Year = {1989}}


@article{[23],
							Author = {Marron, J. S.},
							Journal = {Journal of Computational and Graphical Statistics},
							Pages = {447-458},
							Title = {Visual Understanding of Higher-Order Kernels},
							Volume = {3},
							Year = {1994}}



@article{[24],
							Author = {Marron, J. S. and Wand, M. P. },
							Number = {2},
							Journal = {Annals of Statistics},
							Pages = {712-736},
							Title = {Exact Mean Integrated Squared Error},
							Volume = {20},
							Year = {1989}}

@article{[25],
							Author = {Klein, R. and Vella, F.},
							Number = {2383},
							Journal = {IZA Discussion Papers},
							Pages = {712-736},
							Title = {A Semiparametric Model for Binary Response and Continuous Outcomes Under Index Heteroscedasticity},
							Year = {2006}}



@article{[26],
							Author = {Wang, W. and Zhou, M.},
							Number = {46981},
							Journal = {MPRA Paper},
							Title = {Iterative Least Squares Estimator of Binary Choice Models: a Semi-Parametric Approach},
							Year = {1995}}


@article{[27],
							Author = {Dempster, A. P. and Laird, N. M. and Rubin, D. B. },
							Number = {1},
							Journal = {Journal of the Royal Statistical Society},
							Pages = {1-38},
							Title = {Maximum Likelihood from Incomplete Data via the EM Algorithm},
							Volume = {39},
							Year = {1977}}


@article{[28],
							Author = {Racine, J. F.},
							Journal = {Advances in Econometrics},
							Pages = {335-375},
							Title = {Nonparametric and semiparametric methods in R},
							Volume = {25},
							Year = {2009}}
